@misc{own,
	title = {Practical Passphrase Cracking},
	author = {Luc Gommans and Dirk Gaastra and Lennart van Gijtenbeek},
	year = {2017},
	URL = {https://github.com/lgommans/passphrase-cracking},
	url = "2018-01-10"
}

@misc{behavioral-analysis,
	title = {A Behavioral Analysis of Passphrase Design and Effectiveness},
	author = {Mark Keith and Benjamin Shao and Paul Steinbart},
	year = {2014},
	URL = {https://www.researchgate.net/profile/Mark_Keith2/publication/220580400_A_Behavioral_Analysis_of_Passphrase_Design_and_Effectiveness/links/0c960522109fa48244000000.pdf},
	url = "2018-01-10"
}

@misc{pwd-memorability,
	title = {Password Memorability and Security: Empirical Results},
	author = {Jeff Yan and Alan Blackwell and Ross Anderson and Alasdair Grant},
	year = {2004},
	URL = {http://www.lancaster.ac.uk/people/yanj2/jyan_ieee_pwd.pdf},
	url = "2018-01-10"
}

@misc{crackmeimfamous,
	title = {Crack Me I'm Famous: cracking weak passphrases using publicly-available sources},
	author = {Hugo Labrande},
	URL = {https://www.sstic.org/media/SSTIC2015/SSTIC-actes/crack_me_im_famous_cracking_weak_passphrases_using/SSTIC2015-Article-crack_me_im_famous_cracking_weak_passphrases_using_freely_available_sources-labrande.pdf},
	url = "2018-01-10"
}

@misc{sparell-simovits,
	title = {Linguistic Cracking of Passphrases using Markov Chains},
	author = {Peder Sparell and Mikael Simovits},
	year = {2015},
	URL = {http://www.simovits.com/sites/default/files/files/PederSparell_Linguistic_Cracking_of_Passphrases_using_Markov_Chains.pdf},
	url = "2018-01-10"
}

@misc{probabilistic-thesis,
	title = {Using Probabilistic Techniques to Aid in Password Cracking Attacks},
	author = {Charles Matthew Weir},
	year = {2010},
	URL = {http://diginole.lib.fsu.edu/islandora/object/fsu:175769/datastream/PDF/view},
	url = "2018-01-10"
}

