@article{behavioral-analysis,
	title={A behavioral analysis of passphrase design and effectiveness},
	author={Keith, Mark and Shao, Benjamin and Steinbart, Paul},
	journal={Journal of the Association for Information Systems},
	volume={10},
	number={2},
	pages={2},
	year={2009}
}

@article{pwd-memorability,
	title={Password memorability and security: Empirical results},
	author={Yan, Jeff and Blackwell, Alan and Anderson, Ross and Grant, Alasdair},
	journal={IEEE Security \& privacy},
	volume={2},
	number={5},
	pages={25--31},
	year={2004},
	publisher={IEEE}
}

@inproceedings{crackmeimfamous,
	title={Crack me, I'm famous!: Cracking weak passphrases using freely available sources},
	author={Labrande, Hugo},
	booktitle={SSTIC},
	year={2015}
}

@article{sparell-simovits,
	title={Linguistic Cracking of Passphrases Using Markov Chains.},
	author={Sparell, Peder and Simovits, Mikael},
	journal={IACR Cryptology ePrint Archive},
	volume={2016},
	pages={246},
	year={2016}
}

@book{weir,
	title={Using probabilistic techniques to aid in password cracking attacks},
	author={Weir, Charles Matthew},
	year={2010},
	publisher={The Florida State University}
}

@misc{own,
	title = {Practical Passphrase Cracking},
	author = {Luc Gommans and Dirk Gaastra and Lennart van Gijtenbeek},
	year = {2017},
	URL = {https://github.com/lgommans/passphrase-cracking},
	url = "2018-01-29"
}

@inproceedings{payphrase-properties,
	title={Linguistic properties of multi-word passphrases},
	author={Bonneau, Joseph and Shutova, Ekaterina},
	booktitle={International Conference on Financial Cryptography and Data Security},
	pages={1--12},
	year={2012},
	organization={Springer}
}

@misc{wordnet,
	title = {About WordNet},
	author = {Princeton University},
	year = {2010},
	URL = {http://wordnet.princeton.edu},
	url = "2018-01-30"
}

@misc{wiki-ngram,
    author = "Wikipedia contributors",
    title = "N-gram --- Wikipedia{,} The Free Encyclopedia",
    year = "2018",
    url = "https://en.wikipedia.org/w/index.php?title=N-gram&oldid=819681827",
    note = "[Online; accessed 30-January-2018]"
}

@misc{wamerican,
	title = {Spell-Checker Oriented Word Lists},
	author = {Kevin Atkinson},
	URL = {https://packages.debian.org/stretch/wamerican},
	URL = "2018-01-30"
}

@misc{git,
	title = {Probabilistic Passphrase Cracking},
	author = {Luc Gommans},
	URL = {https://github.com/radicallyopensecurity/passphrase-cracking},
	year = {2018}
}

@inproceedings{korelogic,
	title = {Ripe for the Picking: 100 Million Leaked Passwords and its Impact on Password Research},
	year = {2012},
	author = {Rick Redman{,} Korelogic},
	booktitle = {InfoSec Southwest}
}

